<record><leader>00000cas a22000007a 4500</leader><controlfield tag="001">2252738</controlfield><controlfield tag="008">760620d19031918nduwr ne      0    0eng d</controlfield><controlfield tag="009">501</controlfield><datafield ind1=" " ind2=" " tag="010"><subfield code="a">sn 88076083 </subfield></datafield><datafield ind1=" " ind2=" " tag="040"><subfield code="a">MUL</subfield><subfield code="b">eng</subfield><subfield code="c">MUL</subfield><subfield code="d">NOP</subfield></datafield><datafield ind1="1" ind2=" " tag="029"><subfield code="a">AU@</subfield><subfield code="b">000025835502</subfield></datafield><datafield ind1=" " ind2=" " tag="042"><subfield code="a">msc</subfield></datafield><datafield ind1="0" ind2="0" tag="245"><subfield code="a">Bottineau County news.</subfield></datafield><datafield ind1=" " ind2=" " tag="260"><subfield code="a">Bottineau, N.D. :</subfield><subfield code="b">F. C. Falkenstein,</subfield></datafield><datafield ind1=" " ind2=" " tag="300"><subfield code="a">15 v. :</subfield><subfield code="b">ill. ;</subfield><subfield code="c">56 cm.</subfield></datafield><datafield ind1=" " ind2=" " tag="310"><subfield code="a">Weekly</subfield></datafield><datafield ind1="0" ind2=" " tag="362"><subfield code="a">Vol. 5, no. 24 (Nov. 12, 1903)-v. 19, no. 38 (Feb. 1, 1918).</subfield></datafield><datafield ind1=" " ind2=" " tag="500"><subfield code="a">"Official paper of Bottineau County", 1903-1909.</subfield></datafield><datafield ind1=" " ind2=" " tag="500"><subfield code="a">"Republican."</subfield></datafield><datafield ind1=" " ind2=" " tag="530"><subfield code="a">Available on microfilm from the State Historical Society of North Dakota.</subfield></datafield><datafield ind1=" " ind2=" " tag="752"><subfield code="a">United States</subfield><subfield code="b">North Dakota</subfield><subfield code="c">Bottineau</subfield><subfield code="d">Bottineau.</subfield></datafield><datafield ind1="0" ind2="0" tag="780"><subfield code="t">Bottineau news</subfield><subfield code="w">(DLC)sn 88076082</subfield></datafield><datafield ind1="0" ind2="7" tag="785"><subfield code="t">Omemee herald</subfield><subfield code="w">(DLC)sn 88076087</subfield></datafield><datafield ind1="0" ind2="7" tag="785"><subfield code="t">Bottineau County news and Omemee herald</subfield><subfield code="w">(DLC)sn 88076603</subfield></datafield></record>